@Book{xie2015,
  title = {Dynamic Documents with {R} and knitr},
  author = {Yihui Xie},
  publisher = {Chapman and Hall/CRC},
  address = {Boca Raton, Florida},
  year = {2015},
  edition = {2nd},
  note = {ISBN 978-1498716963},
  url = {http://yihui.name/knitr/},
}

@Artcle{baldus,
  author = {David C. Baldus and Charles Pulaski and George Woodworth},
  title = {Comparative Review of Death Sentences: An Empirical Study of the Georgia
Experience},
  journal = {Journal of Criminal Law and Criminology}, 
  volume = {74}, 
  number = {3}, 
  month = {Fall},
  year = {1983},
  pages = {661-753}
}

@Article{hare,
    author  = "Eric Hare and Heike Hofmann and Alicia Carriquiry",
    title   = "Automatic Matching of Bullet Land Impressions",
    journal = "The Annals of Applied Statistics",
    year    = "2017",
    volume  = "Upcoming"
}

@Book{doe,
    author    = "Max D. Morris",
    title     = "Design of Experiments: An Introduction Based on Linear Models",
    publisher = "Chapman and Hall",
    year      = "2011"
}

@Book{nrc09,
    author    = "Committee on Identifying the Needs of the Forensic Sciences Community, and National Research Council",
    title     = "Strengthening Forensic Science in the United States : A Path Forward",
    publisher = "Washington: National Academy Press",
    year      = "2009"
}

@Book{pcast,
    author    = "Presidentâ€™s Council of Advisors on Science and Technology",
    title     = "Forensic Science in Criminal Courts: Ensuring Scientific Validity of Feature-Comparison Methods",
    publisher = "Executive Office of the President of the United States",
    year      = "2016",
    address   = "https://obamawhitehouse.archives.gov/sites/default/files/microsites/ostp/PCAST/pcast_forensic_science_report_final.pdf",
    month     = "sep"
}